@string{UNKNOWN = "UNKNOWN"}

%[IMPORTED STRING DEFINITIONS]

%[WEBPAGE REFERENCES]
%Politia Romana accident statistics
@misc{politia_romana,
  title = {Site Oficial Poliția Română},
  howpublished = {\url{https://www.politiaromana.ro/ro/structura-politiei-romane/unitati-centrale/directia-rutiera/statistici}},
  note = {}
}
%WorldHealthOrganization accident statistics
@misc{WHO,
  title = {World Health Organization},
  howpublished = {\url{http://www.who.int/gho/road_safety/mortality/en/}},
  note = {}
}
%sensors used in autonomous cars
@misc{car_sensors,
  title = {Three Sensor Types Drive Autonomous Vehicles},
  howpublished = {\url{https://www.sensorsmag.com/components/three-sensor-types-drive-autonomous-vehicles}},
  note = {}
}
%image presenting difference between image classification, object detection and image segmentation from here
@misc{class_detect_segment,
  title = {Review of Deep Learning Algorithms for Object Detection},
  howpublished = {\url{https://medium.com/comet-app/review-of-deep-learning-algorithms-for-object-detection-c1f3d437b852}},
  note = {}
}
%something from which I took the fields where image processing and artificial vision is used
@MISC{Szeliski10computervision,
author = {Richard Szeliski},
title = {Computer Vision: Algorithms and Applications},
year = {2010}
}
%usual methodologies employed in computer vision and image processing
@MISC{M82computervision,
    author = {Kusuma Kumari B. M},
    title = {Computer Vision},
    year = {1982}
}

%[ARTICLES]
%article of road accidents and age groups and transport tools and stuff
@article{SWOV,
    author =      " Fred Wegman, Letty Aarts",
    title =        "Advancing Sustainable Safety National Road Safety Outlook for 2005-2020",
    year =         "2006",
    howpublished = {\url{https://www.swov.nl/sites/default/files/publicaties/rapport/dmdv/advancing_sustainable_safety.pdf}}
}
%DarkNet YOLO oficial article
@article{DBLP:journals/corr/abs-1804-02767,
  author    = {Joseph Redmon and
               Ali Farhadi},
  title     = {YOLOv3: An Incremental Improvement},
  journal   = {CoRR},
  volume    = {abs/1804.02767},
  year      = {2018},
  url       = {http://arxiv.org/abs/1804.02767},
  archivePrefix = {arXiv},
  eprint    = {1804.02767},
  timestamp = {Tue, 01 May 2018 19:46:29 +0200},
  biburl    = {https://dblp.org/rec/bib/journals/corr/abs-1804-02767},
  bibsource = {dblp computer science bibliography, https://dblp.org}
}

%INPROCEEDINGS
%article for explaining neural networks
@inproceedings{dorffner1996neural
,	title	= {Neural networks for time series processing}
,	author	= {Dorffner, G.}
,	booktitle	= {Neural Network World}
,	year	= {1996}
}
%article for backpropagation
@incollection{rojas1996backpropagation
,	title	= {The backpropagation algorithm}
,	author	= {Rojas, Raul}
,	booktitle	= {Neural Networks}
,	pages	= {149--182}
,	year	= {1996}
,	publisher	= {Springer}
}}
%AIMA
@book{aima,
   title =     {Artificial Intelligence: A Modern Approach},
   author =    {Stuart Russell, Peter Norvig},
   publisher = {Prentice Hall},
   isbn =      {0131038052,9780131038059},
   year =      {1995},
   series =    {},
   edition =   {1st},
   volume =    {},
   url =       {http://gen.lib.rus.ec/book/index.php?md5=993C95FD4B828C77C278AEDB9FE61304}
}
%a review on image segmentation techniques
@article{pal1993review
,	title	= {A review on image segmentation techniques}
,	author	= {Pal, Nikhil R and Pal, Sankar K}
,	journal	= {Pattern recognition}
,	volume	= {26}
,	number	= {9}
,	pages	= {1277--1294}
,	year	= {1993}
,	publisher	= {Elsevier}
}
%CS from university Convoluional Neural Networks
@MISC{csfromuniversity,
    author = {Andrej Karpathy},
    title = {CS231n Convolutional Neural Networks for Visual Recognition},
    year = {2014}
}
%history of CNNs in object detection
@MISC{historyCNN,
    author = {Dhruv Parthasarathy},
    title = {A Brief History of CNNs in Image Segmentation: From R-CNN to Mask R-CNN},
    url = {https://blog.athelas.com/a-brief-history-of-cnns-in-image-segmentation-from-r-cnn-to-mask-r-cnn-34ea83205de4}
}
%selective search
@misc{selective_search,
  title = {Selective Search},
  howpublished = {\url{https://arxiv.org/abs/1311.2524.}},
  note = {}
}
%Mask R-CNN
@article{DBLP:journals/corr/HeGDG17,
  author    = {Kaiming He and
               Georgia Gkioxari and
               Piotr Doll{\'{a}}r and
               Ross B. Girshick},
  title     = {Mask {R-CNN}},
  journal   = {CoRR},
  volume    = {abs/1703.06870},
  year      = {2017},
  url       = {http://arxiv.org/abs/1703.06870},
  archivePrefix = {arXiv},
  eprint    = {1703.06870},
  timestamp = {Wed, 07 Jun 2017 14:42:32 +0200},
  biburl    = {https://dblp.org/rec/bib/journals/corr/HeGDG17},
  bibsource = {dblp computer science bibliography, https://dblp.org}
}
%image of neuron
@MISC{neuron,
    title = {neuron},
    url = {https://simple.wikipedia.org/wiki/Neuron}
}
%image of artificial neuron
@MISC{arn,
    title = {arn},
    url = {https://en.wikipedia.org/wiki/Artificial_neuron#/media/File:Artificial_neuron.png}
}
%artificial neuron activation functions origin
@article{activationfunctions
,	title	= {A communication architecture tailored for analog VLSI artificial neural networks: intrinsic performance and limitations.}
,	author	= {Mortara, A and Vittoz, E A}
,	journal	= {IEEE transactions on neural networks / a publication of the IEEE Neural Networks Council}
,	journal-iso	= {IEEE Trans Neural Netw}
,	volume	= {5}
,	number	= {3}
,	year	= {1994}
,	pages	= {459--66}
,	pmid	= {18267812}
}
%image of a simple convolutional neural network
@article{Yakopcic2016MemristorCD,
  title={Memristor crossbar deep network implementation based on a Convolutional neural network},
  author={Chris Yakopcic and Md. Zahangir Alom and Tarek M. Taha},
  journal={2016 International Joint Conference on Neural Networks (IJCNN)},
  year={2016},
  pages={963-970}
}

% Gabor-like filters image
@MISC{gabor_filters,
    title = {arn},
    url = {https://smerity.com/articles/2016/architectures_are_the_new_feature_engineering.html}
}

% non-linear activation functions
@MISC{non_lin_act_fun,
    title = {arn},
    url = {https://www.researchgate.net/figure/The-most-common-nonlinear-activation-functions_fig1_309775740}
}

%max pooling layer functioning
@MISC{max_pol,
    title = {arn},
    url = {https://www.quora.com/What-is-max-pooling-in-convolutional-neural-networks}
}

%dropout layer image
@MISC{dro_out_lay,
    title = {arn},
    url = {https://medium.com/@amarbudhiraja/https-medium-com-amarbudhiraja-learning-less-to-learn-better-dropout-in-deep-machine-learning-74334da4bfc5}
}


%dropout layer image
@MISC{conv_lay_params,
    title = {arn},
    url = {https://adeshpande3.github.io/A-Beginner%27s-Guide-To-Understanding-Convolutional-Neural-Networks-Part-2/}
}